<?xml version="1.0" encoding="UTF-8"?><record xmlns="http://www.loc.gov/MARC21/slim" xmlns:cinclude="http://apache.org/cocoon/include/1.0" xmlns:zs="http://www.loc.gov/zing/srw/">
  <leader>00397nz  a2200133n  4500</leader>
  <controlfield tag="001">n  96062099 </controlfield>
  <controlfield tag="003">DLC</controlfield>
  <controlfield tag="005">19960624151526.7</controlfield>
  <controlfield tag="008">960624n| acannaab|          |n aaa |||  </controlfield>
  <datafield tag="010" ind1=" " ind2=" ">
    <subfield code="a">n  96062099 </subfield>
  </datafield>
  <datafield tag="040" ind1=" " ind2=" ">
    <subfield code="a">DLC</subfield>
    <subfield code="c">DLC</subfield>
  </datafield>
  <datafield tag="100" ind1="1" ind2="0">
    <subfield code="a">Ambrose, Douglas,</subfield>
    <subfield code="d">1957-</subfield>
  </datafield>
  <datafield tag="670" ind1=" " ind2=" ">
    <subfield code="a">Henry Hughes and proslavery thought in ... 1997:</subfield>
    <subfield code="b">CIP t.p. (Douglas Ambrose)</subfield>
  </datafield>
  <datafield tag="670" ind1=" " ind2=" ">
    <subfield code="a">Phone call to pub., 06-24-96</subfield>
    <subfield code="b">(b. 01-15-57)</subfield>
  </datafield>
</record>